@inproceedings{RerF,
  title={ROFLMAO: Robust Oblique Forests with Linear MAtrix Operations},
  author={Tomita, Tyler M and Maggioni, Mauro and Vogelstein, Joshua T},
  booktitle={SIAM Data Mining},
  year={2017}
}
@article{knor,
  title={knor: A NUMA-optimized In-memory, Distributed and Semi-external-memory k-means Library},
  author={Mhembere, Disa and Da Zheng, Carey E and Vogelstein, Joshua T and Burns, Randal},
  journal={arXiv},
  year={2017}
}
@article{MGC,
  title={Discovering Relationships Across Disparate Data Modalities},
  author={Shen, Cencheng and Priebe, Carey E and Maggioni, Mauro and Vogelstein, Joshua T},
  journal={arXiv preprint arXiv:1609.05148},
  year={2016}
}

@inproceedings{vogelstein2002spike,
  title={Spike Timing-Dependent Plasticity in the Address Domain.},
  author={Vogelstein, R Jacob and Tenore, Francesco and Philipp, Ralf and Adlerstein, Miriam S and Goldberg, David H and Cauwenberghs, Gert},
  booktitle={NIPS},
  pages={1147--1154},
  year={2002}
}

@article{zheng2016flashmatrix,
  title={FlashMatrix: Parallel, Scalable Data Analysis with Generalized Matrix Operations using Commodity SSDs},
  author={Zheng, Da and Mhembere, Disa and Vogelstein, Joshua T and Priebe, Carey E and Burns, Randal},
  journal={arXiv},
  year={2016}
}

@article{zheng2016semi,
  title={Semi-External Memory Sparse Matrix Multiplication for Billion-Node Graphs},
  author={Zheng, Da and Mhembere, Disa and Lyzinski, Vince and Vogelstein, Joshua and Priebe, Carey E and Burns, Randal},
  journal={IEEE Transactions on Parallel and Distributed Systems},
  year={2016},
  publisher={IEEE}
}

@inproceedings{kutten2016deformably,
  title={Deformably registering and annotating whole CLARITY brains to an atlas via masked LDDMM},
  author={Kutten, Kwame S and Vogelstein, Joshua T and Charon, Nicolas and Ye, Li and Deisseroth, Karl and Miller, Michael I},
  booktitle={SPIE Photonics Europe},
  pages={989616--989616},
  year={2016},
  organization={International Society for Optics and Photonics}
}

@article{kiar2016science,
  title={Science In the Cloud (SIC): A use case in MRI Connectomics},
  author={Kiar, Gregory and Gorgolewski, Krzysztof J and Kleissas, Dean and Roncal, William Gray and Litt, Brian and Wandell, Brian and Poldrack, Russel A and Wiener, Martin and Vogelstein, R Jacob and Burns, Randal and others},
  journal={arXiv preprint arXiv:1610.08484},
  year={2016}
}

@article{weiler2014synaptic,
  title={Synaptic molecular imaging in spared and deprived columns of mouse barrel cortex with array tomography},
  author={Weiler, Nicholas C and Collman, Forrest and Vogelstein, Joshua T and Burns, Randal and Smith, Stephen J},
  journal={Scientific data},
  volume={1},
  year={2014},
  publisher={Nature Publishing Group}
}

@article{kutten2016diffeomorphic,
  title={A Diffeomorphic Approach to Multimodal Registration with Mutual Information: Applications to CLARITY Mouse Brain Images},
  author={Kutten, Kwame S and Charon, Nicolas and Miller, Michael I and Ratnanather, J Tilak and Deisseroth, Karl and Ye, Li and Vogelstein, Joshua T},
  journal={arXiv preprint arXiv:1612.00356},
  year={2016}
}

@article{kasthuri2015saturated,
  title={Saturated reconstruction of a volume of neocortex},
  author={Kasthuri, Narayanan and Hayworth, Kenneth Jeffrey and Berger, Daniel Raimund and Schalek, Richard Lee and Conchello, Jos{\'e} Angel and Knowles-Barley, Seymour and Lee, Dongil and V{\'a}zquez-Reina, Amelio and Kaynig, Verena and Jones, Thouis Raymond and others},
  journal={Cell},
  volume={162},
  number={3},
  pages={648--661},
  year={2015},
  publisher={Cell Press}
}

@article{roncal2015automated,
  title={An automated images-to-graphs framework for high resolution connectomics},
  author={Roncal, William R Gray and Kleissas, Dean M and Vogelstein, Joshua T and Manavalan, Priya and Lillaney, Kunal and Pekala, Michael and Burns, Randal and Vogelstein, R Jacob and Priebe, Carey E and Chevillet, Mark A and others},
  journal={Frontiers in neuroinformatics},
  volume={9},
  year={2015},
  publisher={Frontiers Media SA}
}


@inproceedings{roncal2014vesicle,
archivePrefix = {arXiv},
arxivId = {arXiv:submit/1254329},
author = {{Gray Roncal}, William and Pekala, Michael and Kaynig-Fittkau, Verena and Kleissas, Dean M and Vogelstein, Joshua T. and Pfister, Hanspeter and Burns, Randal and Vogelstein, R. Jacob and Chevillet, Mark A and Hager, Gregory D},
booktitle = {26th British Machine Vision Conference (BMVC)},
eprint = {1254329},
pages = {1--9},
primaryClass = {arXiv:submit},
title = {{VESICLE : Volumetric Evaluation of Synaptic Inferfaces using Computer vision at Large Scale}},
year = {2015}
}


@article{mhembere2013computing,
  title={Computing Scalable Multivariate Glocal Invariants of Large (Brain-) Graphs},
  author={Mhembere, Disa and Gray Roncal, William and Sussman, Daniel and Priebe, Carey E and Jung, Rex and Ryman, Sephira and Vogelstein, R Jacob and Vogelstein, Joshua T and Burns, Randal},
  journal={IEEE GlobalSIP},
  year={2013}
}

@inproceedings{roncal2013migraine,
  title={MIGRAINE: MRI graph reliability analysis and inference for connectomics},
  author={Roncal, William Gray and Koterba, Zachary H and Mhembere, Disa and Kleissas, Dean M and Vogelstein, Joshua T and Burns, Randal and Bowles, Anita R and Donavos, Dimitrios K and Ryman, Sephira and Jung, Rex E and others},
  booktitle={Global Conference on Signal and Information Processing (GlobalSIP), 2013 IEEE},
  pages={313--316},
  year={2013},
  organization={IEEE GlobalSIP}
}

@article{gray2011magnetic,
  title={Magnetic Resonance Connectome Automated Pipeline},
  author={Gray, William R and Bogovic, John A and Vogelstein, Joshua T and Landman, Bennett A and Prince, Jerry L and Vogelstein, R Jacob},
  journal={IEEE Pulse},
  volume={3},
  number={2},
  pages={42--48},
  year={2011}
}